%% This BibTeX bibliography file was created using BibDesk.
%% http://bibdesk.sourceforge.net/


%% Created for Martin Madsen at 2013-12-18 16:47:33 +0100 


%% Saved with string encoding Unicode (UTF-8) 



@misc{nordpoolSpotProducers,
	Author = {{Nord Pool Spot}},
	Date-Added = {2013-12-17 14:29:36 +0000},
	Date-Modified = {2013-12-17 14:30:02 +0000},
	Howpublished = {\url{http://www.nordpoolspot.com/How-does-it-work/The-market-members/Producers/}},
	Month = {December},
	Title = {Producers},
	Year = {2013}}

@misc{energyPricesCon,
	Author = {{Elpristavlen.dk}},
	Date-Added = {2013-12-18 10:29:36 +0000},
	Date-Modified = {2013-12-18 10:30:02 +0000},
	Howpublished = {\url{http://www.elpristavlen.dk/Elpristavlen/Soegeresultat.aspx?kwh=4000&postnr=9000&netcompany=HEF&customer-group=private&ratetype=VariableRate}},
	Month = {December},
	Title = {Energy prices for consumers},
	Year = {2013}}

@misc{energyPricesBRP,
	Author = {{Nord Pool Spot}},
	Date-Added = {2013-12-18 10:29:36 +0000},
	Date-Modified = {2013-12-18 10:30:02 +0000},
	Howpublished = {\url{http://www.nordpoolspot.com/Market-data1/Elspot/Area-Prices/ALL1/Hourly/}},
	Month = {December},
	Title = {Energy prices for BRP},
	Year = {2013}}

@misc{nordPoolSpotTSOs,
	Author = {{Nord Pool Spot}},
	Date-Added = {2013-12-17 13:14:31 +0000},
	Date-Modified = {2013-12-17 14:30:46 +0000},
	Howpublished = {\url{http://www.nordpoolspot.com/How-does-it-work/Transmission-system-operators-TSOs/}},
	Month = {December},
	Title = {Transmission system operators (TSOs)},
	Year = {2013}}

@misc{nordpoolSystem,
	Author = {{Nord Pool Spot}},
	Date-Added = {2013-12-17 13:11:31 +0000},
	Date-Modified = {2013-12-17 14:30:33 +0000},
	Howpublished = {\url{http://www.nordpoolspot.com/How-does-it-work/Day-ahead-market-Elspot-/System-price-different-from-area-price/}},
	Month = {December},
	Title = {How can the system price be different from the area price?},
	Year = {2013}}

@misc{pentahoTSF,
	Author = {Pentaho},
	Date-Added = {2013-12-16 12:50:14 +0000},
	Date-Modified = {2013-12-16 12:51:35 +0000},
	Howpublished = {\url{http://wiki.pentaho.com/display/DATAMINING/Time+Series+Analysis+and+Forecasting+with+Weka#TimeSeriesAnalysisandForecastingwithWeka-1Introduction}},
	Month = {December},
	Title = {Time Series Analysis and Forecasting with Weka},
	Year = {2013}}

@article{EGRV,
	Author = {Ramu Ramanathan et al.},
	Journal = {International Journal of Forecasting},
	Pages = {161-174},
	Timestamp = {2013.09.24},
	Title = {Short-run forecasts of electricity loads and peaks},
	Url = {http://www.sciencedirect.com/science/article/pii/S0169207097000150},
	Volume = {13},
	Year = {1997},
	Bdsk-Url-1 = {http://www.sciencedirect.com/science/article/pii/S0169207097000150}}

@misc{eiaElDemand,
	Author = {U.S. Energy Information Administration},
	Date-Added = {2013-11-28 09:02:16 +0000},
	Date-Modified = {2013-12-02 10:58:43 +0000},
	Howpublished = {website},
	Lastchecked = {2013.11.28},
	Month = {August},
	Title = {Electricity demand patterns matter for valuing electricity supply resources},
	Url = {http://www.eia.gov/todayinenergy/detail.cfm?id=12711},
	Year = {2013},
	Bdsk-Url-1 = {http://www.eia.gov/todayinenergy/detail.cfm?id=12711}}

@misc{LPBENCHMARK,
	Author = {Bernhard Meindl \& Matthias Templ},
	Howpublished = {Article},
	Month = {February},
	Title = {Analysis of commercial and free and open source solvers for linear optimization problems},
	Url = {http://neon.vb.cbs.nl/casc/..%5Ccasc%5CESSNet2%5Cdeliverable_solverstudy.pdf},
	Year = {2012},
	Bdsk-Url-1 = {http://neon.vb.cbs.nl/casc/..%5Ccasc%5CESSNet2%5Cdeliverable_solverstudy.pdf}}

@proceedings{ieoOutlook,
	Annote = {\url{http://www.eia.gov/forecasts/ieo/pdf/0484(2013).pdf}},
	Author = {U.S. Energy Information Administration},
	Date-Added = {2013-12-14 22:14:54 +0000},
	Date-Modified = {2013-12-14 22:19:12 +0000},
	Organization = {U.S. Energy Information Adminstration},
	Title = {International Energy Outlook 2013},
	Year = {2013}}

@misc{MIRABEL,
	Author = {Mirabel Consortium},
	Date-Modified = {2013-12-18 15:47:33 +0000},
	Howpublished = {website},
	Timestamp = {2013.09.19},
	Title = {MIRABEL Project},
	Url = {http://www.mirabel-project.eu/},
	Year = {2010},
	Bdsk-Url-1 = {http://www.mirabel-project.eu/}}

@misc{ENERGINET,
	Author = {energinet.dk},
	Date-Modified = {2013-11-21 12:53:55 +0000},
	Howpublished = {\url{energinet.dk}},
	Owner = {Thalley},
	Quality = {1},
	Timestamp = {2013.10.26},
	Title = {Energinet.dk},
	Url = {http://www.energinet.dk/},
	Year = {2013},
	Bdsk-Url-1 = {http://www.energinet.dk/}}

@misc{ELBAS,
	Author = {energinet.dk},
	Date-Added = {2013-12-12 14:24:23 +0000},
	Date-Modified = {2013-12-12 14:25:36 +0000},
	Howpublished = {Website},
	Month = {October},
	Title = {Intraday market - Trade and Capacity},
	Year = {2012}}

@misc{BALANCEMARKET,
	Author = {energinet.dk},
	Date-Added = {2013-10-30 09:52:56 +0000},
	Date-Modified = {2013-10-30 09:52:56 +0000},
	Howpublished = {Website},
	Month = {December},
	Title = {Forskrift C2: Balancemarkedet og balanceafregning},
	Year = {2008}}

@misc{RAENGWIND,
	Author = {The Royal Academy of Engineering},
	Date-Modified = {2013-11-21 12:53:09 +0000},
	Howpublished = {website},
	Owner = {mikkel},
	Timestamp = {2013.10.21},
	Title = {Wind Turbine Power Calculations RWE npower renewables Mechanical and Electrical Engineering Power Industry},
	Url = {http://www.raeng.org.uk/education/diploma/maths/pdf/exemplars_advanced/23_wind_turbine.pdf},
	Year = {2013},
	Bdsk-Url-1 = {http://www.raeng.org.uk/education/diploma/maths/pdf/exemplars_advanced/23_wind_turbine.pdf}}

@article{IS2011,
	Author = {Tea Tu\v{s}ar \& Erik Dovgan \& Bogdan Filipi\v{c}},
	Journal = {Proceedings of the 14th International Multiconference Information Society},
	Pages = {96-99},
	Timestamp = {2013.09.23},
	Title = {Scheduling of flexible electricity production and consumption in a future energy data management system: problem formulation},
	Url = {http://wwwdb.inf.tu-dresden.de/miracle/publications/Scheduling_IS2011_paper.pdf},
	Volume = {A},
	Year = {2011},
	Bdsk-Url-1 = {http://wwwdb.inf.tu-dresden.de/miracle/publications/Scheduling_IS2011_paper.pdf}}

@incollection{franklin1997agent,
	Author = {Franklin, Stan and Graesser, Art},
	Booktitle = {Intelligent agents III agent theories, architectures, and languages},
	Pages = {21--35},
	Publisher = {Springer},
	Timestamp = {2013.10.21},
	Title = {Is it an Agent, or just a Program?: A Taxonomy for Autonomous Agents},
	Year = {1997}}

@techreport{jrcSmartGrid,
	Author = {Giordano, Vincenzo and Meletiou, Alexis and Covrig, Catalin and Mengolini, Anna and Ardelean, Mircea and Fulli, Gianluca},
	Date-Added = {2013-10-21 13:19:58 +0000},
	Date-Modified = {2013-10-21 13:29:02 +0000},
	Institution = {Joint Research Centre},
	Journal = {JRC Scientific and Policy Reports},
	Pages = {142},
	Title = {Smart Grid projects in Europe: Lessons learned and current developments},
	Url = {http://ec.europa.eu/energy/gas_electricity/smartgrids/doc/ld-na-25815-en-n_final_online_version_april_15_smart_grid_projects_in_europe_-_lessons_learned_and_current_developments_-2012_update.pdf},
	Year = {2013},
	Bdsk-File-1 = {YnBsaXN0MDDUAQIDBAUGJCVYJHZlcnNpb25YJG9iamVjdHNZJGFyY2hpdmVyVCR0b3ASAAGGoKgHCBMUFRYaIVUkbnVsbNMJCgsMDxJXTlMua2V5c1pOUy5vYmplY3RzViRjbGFzc6INDoACgAOiEBGABIAFgAdccmVsYXRpdmVQYXRoWWFsaWFzRGF0YV8QJC4uL2RvY3MvZXUtc21hcnQtZ3JpZC1kZXBsb3ltZW50LnBkZtIXCxgZV05TLmRhdGFPEQHuAAAAAAHuAAIAAAxNYWNpbnRvc2ggSEQAAAAAAAAAAAAAAAAAAADLz3pkSCsAAANaD7ccZXUtc21hcnQtZ3JpZC1kZXBsb3ltZW50LnBkZgAAAAAAAAAAAAAAAAAAAAAAAAAAAAAAAAAAAAAAAAAAAAAAA4PFBs6K9kEAAAAAAAAAAAABAAIAAAkgAAAAAAAAAAAAAAAAAAAABGRvY3MAEAAIAADLz15EAAAAEQAIAADOitohAAAAAQAYA1oPtwNVahQAB3PHAAdytwAFxrAAALqoAAIAXU1hY2ludG9zaCBIRDpVc2VyczoAbWFydGluOgBEcm9wYm94OgBEYXRhbG9naToAcDUtcHJvamVjdDoAZG9jczoAZXUtc21hcnQtZ3JpZC1kZXBsb3ltZW50LnBkZgAADgA6ABwAZQB1AC0AcwBtAGEAcgB0AC0AZwByAGkAZAAtAGQAZQBwAGwAbwB5AG0AZQBuAHQALgBwAGQAZgAPABoADABNAGEAYwBpAG4AdABvAHMAaAAgAEgARAASAEpVc2Vycy9tYXJ0aW4vRHJvcGJveC9EYXRhbG9naS9wNS1wcm9qZWN0L2RvY3MvZXUtc21hcnQtZ3JpZC1kZXBsb3ltZW50LnBkZgATAAEvAAAVAAIADf//AACABtIbHB0eWiRjbGFzc25hbWVYJGNsYXNzZXNdTlNNdXRhYmxlRGF0YaMdHyBWTlNEYXRhWE5TT2JqZWN00hscIiNcTlNEaWN0aW9uYXJ5oiIgXxAPTlNLZXllZEFyY2hpdmVy0SYnVHJvb3SAAQAIABEAGgAjAC0AMgA3AEAARgBNAFUAYABnAGoAbABuAHEAcwB1AHcAhACOALUAugDCArQCtgK7AsYCzwLdAuEC6ALxAvYDAwMGAxgDGwMgAAAAAAAAAgEAAAAAAAAAKAAAAAAAAAAAAAAAAAAAAyI=}}

@misc{TRAFIKSTYRELSEN2010,
	Author = {Trafikstyrelsen - Center for Gr{\o}n transport},
	Howpublished = {WWW},
	Month = {april},
	Owner = {mikkel},
	Quality = {1},
	Timestamp = {2013.10.14},
	Title = {Redeg{\o}relse -elbiler og plug-in hybridbiler},
	Url = {http://www.trafikstyrelsen.dk/~/media/Dokumenter/06%20Center%20for%20groen%20transport/Publikationer/Kort%20om%20elbiler%20og%20plug-in%20oktober%202010.ashx},
	Year = {2010},
	Bdsk-Url-1 = {http://www.trafikstyrelsen.dk/~/media/Dokumenter/06%20Center%20for%20groen%20transport/Publikationer/Kort%20om%20elbiler%20og%20plug-in%20oktober%202010.ashx}}

@misc{harvestingthewind,
	Author = {Grogg, Kira},
	Comment = {Seen 131008},
	Howpublished = {Article},
	Month = {April},
	Owner = {Martin},
	Pages = {42},
	Timestamp = {2013.10.08},
	Title = {Harvesting the Wind: The Physics of Wind Turbines},
	Url = {https://dspace.lasrworks.org/bitstream/handle/10349/145/fulltext.pdf},
	Year = {2005},
	Bdsk-Url-1 = {https://dspace.lasrworks.org/bitstream/handle/10349/145/fulltext.pdf}}

@misc{LPMS,
	Author = {Paul A. Jensen and Jonathan F. Bard},
	Howpublished = {website},
	Timestamp = {2013.12.14},
	Title = {LP Methods.S4 Interior Point Methods},
	Url = {http://www.me.utexas.edu/~jensen/ORMM/supplements/methods/lpmethod/S4_interior.pdf},
	Year = {2013},
	Bdsk-Url-1 = {http://www.me.utexas.edu/~jensen/ORMM/supplements/methods/lpmethod/S4_interior.pdf}}

@inproceedings{Karp72,
	Author = {Karp, Richard M.},
	Biburl = {http://www.bibsonomy.org/bibtex/2f17b99063a789f22dd3aeb922a157ac6/dblp},
	Booktitle = {Complexity of Computer Computations},
	Editor = {Miller, Raymond E. and Thatcher, James W.},
	Ee = {http://www.cs.berkeley.edu/~luca/cs172/karp.pdf},
	Interhash = {427e5bfc8069f94f57c5d43b6fd85949},
	Intrahash = {f17b99063a789f22dd3aeb922a157ac6},
	Isbn = {0-306-30707-3},
	Owner = {Martin},
	Pages = {85-103},
	Publisher = {Plenum Press, New York},
	Series = {The IBM Research Symposia Series},
	Timestamp = {2011-09-13T00:00:00.000+0200},
	Title = {Reducibility Among Combinatorial Problems.},
	Url = {http://cgi.di.uoa.gr/~sgk/teaching/grad/handouts/karp.pdf},
	Year = {1972},
	Bdsk-Url-1 = {http://dblp.uni-trier.de/db/conf/coco/cocc1972.html#Karp72}}

@misc{MIRABELD1.2,
	Author = {MIRABEL},
	Date-Modified = {2013-12-18 15:47:19 +0000},
	Howpublished = {website},
	Month = {December},
	Owner = {mikkel},
	Timestamp = {2013.10.25},
	Title = {D1.2 Final role model and process specification},
	Url = {http://www.db.inf.tu-dresden.de/miracle/files/deliverables/M12/D1.2.pdf},
	Year = {2010},
	Bdsk-Url-1 = {http://wwwdb.inf.tu-dresden.de/miracle/files/deliverables/M12/D1.2.pdf}}

@misc{models,
	Author = {Tesla Motors},
	Date-Added = {2013-10-30 10:45:52 +0000},
	Date-Modified = {2013-10-30 10:48:44 +0000},
	Lastchecked = {131030},
	Month = {October},
	Read = {0},
	Title = {How Far Can I Go?},
	Url = {http://www.teslamotors.com/goelectric#range},
	Urldate = {131030},
	Year = {2013},
	Bdsk-Url-1 = {http://www.teslamotors.com/goelectric#range}}

@misc{GREEDY,
	Author = {Dave Mount},
	Howpublished = {Lecture},
	Month = {September},
	Owner = {thalley},
	Timestamp = {2013.10.29},
	Title = {Greedy Algorithms for Scheduling},
	Url = {http://www.cs.umd.edu/class/fall2013/cmsc451/Lects/lect04.pdf},
	Year = {2013},
	Bdsk-Url-1 = {http://www.cs.umd.edu/class/fall2013/cmsc451/Lects/lect04.pdf}}

@misc{NORDIC08,
	Author = {NordREG},
	Howpublished = {Report},
	Month = {March},
	Owner = {thalley},
	Timestamp = {2013.11.05},
	Title = {Towards harmonised Nordic balancing services - Common principles for cost allocation and settlement},
	Url = {https://www.nordicenergyregulators.org/upload/Reports/NordREG%20Towards%20Harmonised%20Balancing%20Services.pdf},
	Year = {2008},
	Bdsk-Url-1 = {https://www.nordicenergyregulators.org/upload/Reports/NordREG%20Towards%20Harmonised%20Balancing%20Services.pdf}}

@article{IMBALANCE,
	Author = {Julija Matevosyan \& Lennart S{\"o}der},
	Journal = {IEEE TRANSACTIONS ON POWER SYSTEMS},
	Number = {3},
	Owner = {mikkel},
	Pages = {1396-1404},
	Quality = {1},
	Timestamp = {2013.10.03},
	Title = {Minimization of Imbalance Cost Trading Wind Power on the Short-Term Power Market},
	Url = {http://ieeexplore.ieee.org/stamp/stamp.jsp?tp=&arnumber=1664977&},
	Volume = {21},
	Year = {2006},
	Bdsk-Url-1 = {http://ieeexplore.ieee.org/stamp/stamp.jsp?tp=&arnumber=1664977&}}

@misc{nordPoolSpot,
	Author = {{Nord Pool Spot}},
	Date-Added = {2013-12-03 10:49:59 +0000},
	Date-Modified = {2013-12-17 14:30:27 +0000},
	Howpublished = {Website},
	Lastchecked = {2013.12.03},
	Month = {December},
	Title = {Elspot prices},
	Url = {http://www.nordpoolspot.com/Market-data1/Elspot/Area-Prices/ALL1/Hourly/},
	Year = {2013},
	Bdsk-Url-1 = {http://www.nordpoolspot.com/Market-data1/Elspot/Area-Prices/ALL1/Hourly/}}

@article{HWT,
	Author = {James W. Taylor},
	Journal = {European Journal of Operational Research},
	Pages = {139-152},
	Timestamp = {2013.09.24},
	Title = {Triple Seasonal Methods for Short-Term Electricity Demand Forecasting},
	Url = {http://www.sciencedirect.com/science/article/pii/S037722170900705X},
	Volume = {204},
	Year = {2010},
	Bdsk-Url-1 = {http://www.sciencedirect.com/science/article/pii/S037722170900705X}}

@electronic{JUNIT,
	Owner = {thalley},
	Timestamp = {2013.10.15},
	Title = {JUnit},
	Url = {http://junit.org/},
	Bdsk-Url-1 = {http://junit.org/}}
